<?xml version="1.0" encoding="UTF-8"?><record xmlns="http://www.loc.gov/MARC21/slim" xmlns:cinclude="http://apache.org/cocoon/include/1.0" xmlns:zs="http://www.loc.gov/zing/srw/">
  <leader>00762cz  a2200133n  4500</leader>
  <controlfield tag="001">n 2010074769</controlfield>
  <controlfield tag="003">DLC</controlfield>
  <controlfield tag="005">20101221074819.0</controlfield>
  <controlfield tag="008">101116n| acannaabn          |n aaa      </controlfield>
  <datafield tag="010" ind1=" " ind2=" ">
    <subfield code="a">n 2010074769</subfield>
  </datafield>
  <datafield tag="040" ind1=" " ind2=" ">
    <subfield code="a">DLC</subfield>
    <subfield code="b">eng</subfield>
    <subfield code="c">DLC</subfield>
    <subfield code="d">DLC</subfield>
  </datafield>
  <datafield tag="100" ind1="1" ind2=" ">
    <subfield code="a">Burnett, Arthur L.,</subfield>
    <subfield code="d">1935-</subfield>
  </datafield>
  <datafield tag="667" ind1=" " ind2=" ">
    <subfield code="a">Cannot identify with: Burnett, Arthur L. (n  87130876)</subfield>
  </datafield>
  <datafield tag="670" ind1=" " ind2=" ">
    <subfield code="a">National Visionary Leadership Project oral history, 2006-10-16:</subfield>
    <subfield code="b">collection materials (Arthur L. Burnett, Arthur L. Burnett, Sr., interviewee, National Visionary Leadership Project. b. Mar. 15, 1935, in Spotsylvania, Va., graduate of Howard Univ. and New York Univ. Law School, involved in US drug policy, prosecutor at the US Dept. of Justice, Assist. US Attorney and Superior Court Judge of the District of Columbia)</subfield>
  </datafield>
</record>